@article{cho2014learning,
  title={Learning phrase representations using RNN encoder-decoder for statistical machine translation},
  author={Cho, Kyunghyun and Van Merri{\"e}nboer, Bart and Gulcehre, Caglar and Bahdanau, Dzmitry and Bougares, Fethi and Schwenk, Holger and Bengio, Yoshua},
  journal={arXiv preprint arXiv:1406.1078},
  year={2014}
}
@inproceedings{long2015fully,
  title={Fully convolutional networks for semantic segmentation},
  author={Long, Jonathan and Shelhamer, Evan and Darrell, Trevor},
  booktitle={Proceedings of the IEEE conference on computer vision and pattern recognition},
  pages={3431--3440},
  year={2015}
}
@article{zhang2018unreasonable,
  title={The unreasonable effectiveness of deep features as a perceptual metric},
  author={Zhang, Richard and Isola, Phillip and Efros, Alexei A and Shechtman, Eli and Wang, Oliver},
  journal={arXiv preprint},
  year={2018}
}

@article{huang2018multimodal,
  title={Multimodal Unsupervised Image-to-Image Translation},
  author={Huang, Xun and Liu, Ming-Yu and Belongie, Serge and Kautz, Jan},
  journal={arXiv preprint arXiv:1804.04732},
  year={2018}
}

@inproceedings{huang2017arbitrary,
  title={Arbitrary Style Transfer in Real-Time with Adaptive Instance Normalization.},
  author={Huang, Xun and Belongie, Serge J},
  booktitle={ICCV},
  pages={1510--1519},
  year={2017}
}

@article{perez2017film,
  title={Film: Visual reasoning with a general conditioning layer},
  author={Perez, Ethan and Strub, Florian and De Vries, Harm and Dumoulin, Vincent and Courville, Aaron},
  journal={arXiv preprint arXiv:1709.07871},
  year={2017}
}

@inproceedings{de2017modulating,
  title={Modulating early visual processing by language},
  author={De Vries, Harm and Strub, Florian and Mary, J{\'e}r{\'e}mie and Larochelle, Hugo and Pietquin, Olivier and Courville, Aaron C},
  booktitle={Advances in Neural Information Processing Systems},
  pages={6594--6604},
  year={2017}
}

@article{choi2017stargan,
  title={Stargan: Unified generative adversarial networks for multi-domain image-to-image translation},
  author={Choi, Yunjey and Choi, Minje and Kim, Munyoung and Ha, Jung-Woo and Kim, Sunghun and Choo, Jaegul},
  journal={arXiv preprint},
  volume={1711},
  year={2017}
}

@inproceedings{sohn2015learning,
  title={Learning structured output representation using deep conditional generative models},
  author={Sohn, Kihyuk and Lee, Honglak and Yan, Xinchen},
  booktitle={Advances in Neural Information Processing Systems},
  pages={3483--3491},
  year={2015}
}


@article{zhu2017unpaired,
  title={Unpaired image-to-image translation using cycle-consistent adversarial networks},
  author={Zhu, Jun-Yan and Park, Taesung and Isola, Phillip and Efros, Alexei A},
  journal={arXiv preprint},
  year={2017}
}

@inproceedings{zhu2017toward,
  title={Toward multimodal image-to-image translation},
  author={Zhu, Jun-Yan and Zhang, Richard and Pathak, Deepak and Darrell, Trevor and Efros, Alexei A and Wang, Oliver and Shechtman, Eli},
  booktitle={Advances in Neural Information Processing Systems},
  pages={465--476},
  year={2017}
}

@article{wang2018video,
  title={Video-to-Video Synthesis},
  author={Wang, Ting-Chun and Liu, Ming-Yu and Zhu, Jun-Yan and Liu, Guilin and Tao, Andrew and Kautz, Jan and Catanzaro, Bryan},
  journal={arXiv preprint arXiv:1808.06601},
  year={2018}
}
@inproceedings{zhang2016colorful,
  title={Colorful image colorization},
  author={Zhang, Richard and Isola, Phillip and Efros, Alexei A},
  booktitle={European Conference on Computer Vision},
  pages={649--666},
  year={2016},
  organization={Springer}
}

@article{gatys2015neural,
  title={A neural algorithm of artistic style},
  author={Gatys, Leon A and Ecker, Alexander S and Bethge, Matthias},
  journal={arXiv preprint arXiv:1508.06576},
  year={2015}
}

@article{srivastava2015highway,
  title={Highway networks},
  author={Srivastava, Rupesh Kumar and Greff, Klaus and Schmidhuber, J{\"u}rgen},
  journal={arXiv preprint arXiv:1505.00387},
  year={2015}
}

@article{chung2014empirical,
  title={Empirical evaluation of gated recurrent neural networks on sequence modeling},
  author={Chung, Junyoung and Gulcehre, Caglar and Cho, KyungHyun and Bengio, Yoshua},
  journal={arXiv preprint arXiv:1412.3555},
  year={2014}
}
@article{hochreiter1997long,
  title={Long short-term memory},
  author={Hochreiter, Sepp and Schmidhuber, J{\"u}rgen},
  journal={Neural computation},
  volume={9},
  number={8},
  pages={1735--1780},
  year={1997},
  publisher={MIT Press}
}

@article{veit2018adaptive,
  title={Convolutional Networks with Adaptive Inference Graphs},
  author={Veit, Andreas and Belongie, Serge},
  journal={ECCV},
  year={2018}
}

@article{simonyan2014very,
  title={Very deep convolutional networks for large-scale image recognition},
  author={Simonyan, Karen and Zisserman, Andrew},
  journal={arXiv preprint arXiv:1409.1556},
  year={2014}
}
@article{liao2016bridging,
  title={Bridging the gaps between residual learning, recurrent neural networks and visual cortex},
  author={Liao, Qianli and Poggio, Tomaso},
  journal={arXiv preprint arXiv:1604.03640},
  year={2016}
}

@inproceedings{he2016deep,
  title={Deep residual learning for image recognition},
  author={He, Kaiming and Zhang, Xiangyu and Ren, Shaoqing and Sun, Jian},
  booktitle={Proceedings of the IEEE conference on computer vision and pattern recognition},
  pages={770--778},
  year={2016}
}

@inproceedings{vaswani2017attention,
  title={Attention is all you need},
  author={Vaswani, Ashish and Shazeer, Noam and Parmar, Niki and Uszkoreit, Jakob and Jones, Llion and Gomez, Aidan N and Kaiser, {\L}ukasz and Polosukhin, Illia},
  booktitle={Advances in Neural Information Processing Systems},
  pages={5998--6008},
  year={2017}
}

@article{zhang2018self,
  title={Self-Attention Generative Adversarial Networks},
  author={Zhang, Han and Goodfellow, Ian and Metaxas, Dimitris and Odena, Augustus},
  journal={arXiv preprint arXiv:1805.08318},
  year={2018}
}

@article{miyato2018spectral,
  title={Spectral normalization for generative adversarial networks},
  author={Miyato, Takeru and Kataoka, Toshiki and Koyama, Masanori and Yoshida, Yuichi},
  journal={arXiv preprint arXiv:1802.05957},
  year={2018}
}

@article{miyato2018cgans,
  title={cGANs with projection discriminator},
  author={Miyato, Takeru and Koyama, Masanori},
  journal={arXiv preprint arXiv:1802.05637},
  year={2018}
}

@article{ghosh2017multi,
  title={Multi-agent diverse generative adversarial networks},
  author={Ghosh, Arnab and Kulharia, Viveka and Namboodiri, Vinay and Torr, Philip HS and Dokania, Puneet K},
  journal={CVPR},
  year={2018}
}

@article{kingma2018glow,
  title={Glow: Generative Flow with Invertible 1x1 Convolutions},
  author={Kingma, Diederik P and Dhariwal, Prafulla},
  journal={arXiv preprint arXiv:1807.03039},
  year={2018}
}

@inproceedings{veit2016residual,
  title={Residual networks behave like ensembles of relatively shallow networks},
  author={Veit, Andreas and Wilber, Michael J and Belongie, Serge},
  booktitle={Advances in Neural Information Processing Systems},
  pages={550--558},
  year={2016}
}

@inproceedings{Deng09ImageNet,
        author = {Deng, J. and Dong, W. and Socher, R. and Li, L.-J. and Li, K. and Fei-Fei, L.},
        title = {{ImageNet: A Large-Scale Hierarchical Image Database}},
        booktitle = {CVPR},
        year = {2009}
}

@inproceedings{Netzer11SVHN,
    author = {Netzer, Y. and Wang, T. and Coates, A. and Bissacco, A. and Wu, B. and Andrew Y. N},
    title = {Reading Digits in Natural Images with Unsupervised Feature Learning},
    booktitle = {NIPS Workshop on Deep Learning and Unsupervised Feature Learning},
    year = {2011}
}

@article{Joachims09_CuttingPlane,
 author = {Joachims, T. and Finley, T. and Yu, {C.-N.} },
 title = {Cutting-plane Training of Structural {SVM}s},
 journal = {Machine Learning},
 year = {2009}
} 


@inproceedings{Tsochantaridis04SSVM,
    author = {Tsochantaridis, I. and Hofmann, T. and Joachims, T. and Altun, Y.},
    title = {Support vector machine learning for interdependent and structured output spaces},
    booktitle = {ICML},
    year = {2004}
}

@article{Hochreiter1997LSTM,
    author = {Hochreiter, S. and Schmidhuber, J.},
    title = {Long Short-Term Memory},
    journal = {Neural Computation},
    year = {1997}
} 

@article{arjovsky2017wasserstein,
  title={Wasserstein gan},
  author={Arjovsky, M. and Chintala, S. and Bottou, L.},
  journal={arXiv preprint arXiv:1701.07875},
  year={2017}
}

@article{zhao2016energy,
  title={Energy-based generative adversarial network},
  author={Zhao, J. and Mathieu, M. and LeCun, Y.},
  journal={arXiv preprint arXiv:1609.03126},
  year={2016}
}

@article{ghosh2016message,
  title={Message Passing Multi-Agent GANs},
  author={Ghosh, A. and Kulharia, V. and Namboodiri, V.},
  journal={arXiv preprint arXiv:1612.01294},
  year={2016}
}

@article{mescheder2017adversarial,
  title={Adversarial Variational Bayes: Unifying Variational Autoencoders and Generative Adversarial Networks},
  author={Mescheder, L. and Nowozin, S. and Geiger, A.},
  journal={arXiv preprint arXiv:1701.04722},
  year={2017}
}

@article{donahue2016adversarial,
  title={Adversarial feature learning},
  author={Donahue, J. and Kr{\"a}henb{\"u}hl, P. and Darrell, T.},
  journal={arXiv preprint arXiv:1605.09782},
  year={2016}
}

@article{nguyen2016plug,
  title={Plug \& play generative networks: Conditional iterative generation of images in latent space},
  author={Nguyen, A. and Yosinski, J. and Bengio, Y. and Dosovitskiy, A. and Clune, J.},
  journal={arXiv preprint arXiv:1612.00005},
  year={2016}
}

@article{isola2016image2image,
  title={Image-to-Image Translation with Conditional Adversarial Networks},
  author={Isola, P. and Zhu, J-Y. and Zhou, T. and Efros, A.}, 
  journal={arxiv},
  year={2016}
}
@inproceedings{metz2017unrolledGAN,
  title={Unrolled Generative Adversarial Networks},
  author={Metz, L. and Poole, B. and Pfau, D. and Sohl-Dickstein, J.}, 
  booktitle={ICLR},
  year={2017}
}
@inproceedings{goodfellow2014generative,
  title={Generative adversarial nets},
  author={Goodfellow, I. and Pouget-Abadie, J. and Mirza, M. and Xu, B. and Warde-Farley, D. and Ozair, S. and Courville, A. and Bengio, Y.},
  booktitle={NIPS},
  year={2014}
}

@article{pathak2016context,
  title={Context Encoders: Feature Learning by Inpainting},
  author={Pathak, D. and Krahenbuhl, P. and Donahue, J. and Darrell, T. and Efros, A.},
  journal={arXiv preprint arXiv:1604.07379},
  year={2016}
}

@inproceedings{zhu2016generative,
  title={Generative visual manipulation on the natural image manifold},
  author={Zhu, J. and Kr{\"a}henb{\"u}hl, P. and Shechtman, E. and Efros, A.},
  booktitle={ECCV},
  year={2016},
}

@article{goodfellow2013multi,
  title={Multi-digit number recognition from street view imagery using deep convolutional neural networks},
  author={Goodfellow, I. and Bulatov, Y. and Ibarz, J. and Arnoud, S. and Shet, V.},
  journal={arXiv preprint arXiv:1312.6082},
  year={2013}
}

@article{nowozin2016f,
  title={f-GAN: Training Generative Neural Samplers using Variational Divergence Minimization},
  author={Nowozin, S. and Cseke, B. and Tomioka, R.},
  journal={arXiv preprint arXiv:1606.00709},
  year={2016}
}

@inproceedings{ghosh2017contextual,
  title={Contextual RNN-GANs for Abstract Reasoning Diagram Generation},
  author={Ghosh, A. and Kulharia, V. and Mukerjee, A. and Namboodiri, V. and Bansal, M.},
  booktitle={AAAI},
  year={2017}
}

@inproceedings{liu2015faceattributes,
 author = {Liu, Z. and Luo, P. and Wang, X. and Tang, X.},
 title = {Deep Learning Face Attributes in the Wild},
 booktitle = {(ICCV)},
 year = {2015} 
}

@article{ledig2016photo,
  title={Photo-Realistic Single Image Super-Resolution Using a Generative Adversarial Network},
  author={Ledig, C. and Theis, L. and Husz{\'a}r, F. and Caballero, J. and Aitken, A. and Tejani, A. and Totz, J. and Wang, Z. and Shi, W.},
  journal={arXiv preprint arXiv:1609.04802},
  year={2016}
}


@article{chen2016infogan,
  title={Infogan: Interpretable representation learning by information maximizing generative adversarial nets},
  author={Chen, X. and Duan, Y. and Houthooft, R. and Schulman, J. and Sutskever, I. and Abbeel, P.},
  journal={arXiv preprint arXiv:1606.03657},
  year={2016}
}

@article{liu2016coupled,
  title={Coupled Generative Adversarial Networks},
  author={Liu, M. and Tuzel, O.},
  journal={arXiv preprint arXiv:1606.07536},
  year={2016}
}

@article{dumoulin2016adversarially,
  title={Adversarially Learned Inference},
  author={Dumoulin, V. and Belghazi, I. and Poole, B. and Lamb, A. and Arjovsky, M. and Mastropietro, O. and Courville, A.},
  journal={arXiv preprint arXiv:1606.00704},
  year={2016}
}

@article{abadi2016learning,
  title={Learning to Protect Communications with Adversarial Neural Cryptography},
  author={Abadi, M. and Andersen, D.},
  journal={arXiv preprint arXiv:1610.06918},
  year={2016}
}

@article{kingma2013auto,
  title={Auto-encoding variational bayes},
  author={Kingma, D. and Welling, M.},
  journal={arXiv preprint arXiv:1312.6114},
  year={2013}
}

@article{vondrick2016generating,
  title={Generating videos with scene dynamics},
  author={Vondrick, C. and Pirsiavash, H. and Torralba, A.},
  journal={arXiv preprint arXiv:1609.02612},
  year={2016}
}

@article{wu2016learning,
  title={Learning a Probabilistic Latent Space of Object Shapes via 3D Generative-Adversarial Modeling},
  author={Wu, J. and Zhang, C. and Xue, T. and Freeman, W. and Tenenbaum, J.},
  journal={arXiv preprint arXiv:1610.07584},
  year={2016}
}

@article{salimans2016improved,
  title={Improved techniques for training gans},
  author={Salimans, T. and Goodfellow, I. and Zaremba, W. and Cheung, V. and Radford, A. and Chen, X.},
  journal={arXiv preprint arXiv:1606.03498},
  year={2016}
}

@article{makhzani2015adversarial,
  title={Adversarial autoencoders},
  author={Makhzani, A. and Shlens, J. and Jaitly, N. and Goodfellow, I.},
  journal={arXiv preprint arXiv:1511.05644},
  year={2015}
}


@article{weiss2001optimality,
  title={On the optimality of solutions of the max-product belief-propagation algorithm in arbitrary graphs},
  author={Weiss, Y. and Freeman, W.},
  journal={IEEE Transactions on Information Theory},
  year={2001},
}

@article{mirza2014conditional,
  title={Conditional generative adversarial nets},
  author={Mirza, M. and Osindero, S.},
  journal={arXiv preprint arXiv:1411.1784},
  year={2014}
}

@article{foerster2016learning,
  title={Learning to Communicate with Deep Multi-Agent Reinforcement Learning},
  author={Foerster, J. and Assael, Y. and de Freitas, N. and Whiteson, S.},
  journal={arXiv preprint arXiv:1605.06676},
  year={2016}
}

@article{lee2016stochastic,
  title={Stochastic Multiple Choice Learning for Training Diverse Deep Ensembles},
  author={Lee, S. and Purushwalkam, S. and Cogswell, M. and Ranjan, V. and Crandall, D. and Batra, D.},
  journal={arXiv preprint arXiv:1606.07839},
  year={2016}
}

@article{radford2015unsupervised,
  title={Unsupervised representation learning with deep convolutional generative adversarial networks},
  author={Radford, A. and Metz, L. and Chintala, S.},
  journal={arXiv preprint arXiv:1511.06434},
  year={2015}
}

@article{sukhbaatar2016learning,
  title={Learning Multiagent Communication with Backpropagation},
  author={Sukhbaatar, S. and Szlam, A. and Fergus, R.},
  journal={arXiv preprint arXiv:1605.07736},
  year={2016}
}

@article{durugkar2016generative,
  title={Generative Multi-Adversarial Networks},
  author={Durugkar, I. and Gemp, I. and Mahadevan, S.},
  journal={arXiv preprint arXiv:1611.01673},
  year={2016}
}

@inproceedings{cai2011minmax,
  title={On minmax theorems for multiplayer games},
  author={Cai, Y. and Daskalakis, C.},
  booktitle={Proceedings of the twenty-second annual ACM-SIAM symposium on Discrete Algorithms},
  year={2011},
}

@techreport{yang2016lrgan,
     title={LR-GAN: Layered Recursive Generative Adversarial
Networks For Image Generation},
     author={Yang, J. and Kannan, A. and Batra, D. and Parikh,D.},
     year={2016},
     note={Submitted to ICLR 2017}
}

@techreport{lazaridou2016multi,
     title={Multi-Agent Cooperation
And The Emergence Of (Natural) Language},
     author={Lazaridou,A. and Peysakhovich, A. and Baroni, M.},
     year={2017},
     journal={ICLR}
}

@techreport{arjovsky2016towards,
     title={Towards Principled Methods For Training
Generative Adversarial Networks
},
     author={Arjovsky, M. and Bottou, L.},
     year={2017},
     journal={ICLR}
}

@techreport{che2016mode,
     title={Mode Regularized Generative Adversarial
Networks},
     author={Che, T. and Li, Y. and Jacob, A. and Bengio, Y. and Li, W.},
     year={2017},
     note={ICLR}
}

@article{chen2016multi,
  title={Multi-view Generative Adversarial Networks},
  author={Chen, M. and Denoyer, L.},
  journal={arXiv preprint arXiv:1611.02019},
  year={2016}
}

@article{reed2016generative,
  title={Generative adversarial text to image synthesis},
  author={Reed, S. and Akata, Z. and Yan, X. and Logeswaran, L. and Schiele, B. and Lee, H.},
  journal={arXiv preprint arXiv:1605.05396},
  year={2016}
}

@article{taigman2016unsupervised,
  title={Unsupervised Cross-Domain Image Generation},
  author={Taigman, Y. and Polyak, A. and Wolf, L.},
  journal={arXiv preprint arXiv:1611.02200},
  year={2016}
}

@inproceedings{Kaneko:2016:AVF:2964284.2967236,
 author = {Kaneko, T. and Hiramatsu, K. and Kashino, K.},
 title = {Adaptive Visual Feedback Generation for Facial Expression Improvement with Multi-task Deep Neural Networks},
 booktitle = {Proceedings of the 2016 ACM on Multimedia Conference},
 year = {2016},
}

@article{xie2016cooperative,
  title={Cooperative Training of Descriptor and Generator Networks},
  author={Xie, J. and Lu, Y. and Zhu, S. and Wu, Y.},
  journal={arXiv preprint arXiv:1609.09408},
  year={2016}
}

@article{brock2016neural,
  title={Neural Photo Editing with Introspective Adversarial Networks},
  author={Brock, A. and Lim, T. and Ritchie, J. and Weston, N.},
  journal={arXiv preprint arXiv:1609.07093},
  year={2016}
}

@article{leibo2017multi,
  title={Multi-agent Reinforcement Learning in Sequential Social Dilemmas},
  author={Leibo, J. and Zambaldi, V. and Lanctot, M. and Marecki, J. and Graepel, T.},
  journal={AAMAS 2017},
  year={2017}
}

@article{bishop2007pattern,
  title={Pattern Recognition and Machine Learning (Information Science and Statistics), 1st edn. 2006. corr. 2nd printing edn},
  author={Bishop, C},
  journal={Springer, New York},
  year={2007}
}